
    <zs:record>
      <zs:recordSchema/>
      <zs:recordPacking>xml</zs:recordPacking>
      <zs:recordData>
        <record xmlns="http://www.loc.gov/MARC21/slim">
          <leader>01369cam a22002775a 4500</leader>
          <controlfield tag="001">17658815</controlfield>
          <controlfield tag="005">20130314104406.0</controlfield>
          <controlfield tag="008">130314s1932    enkc          000 0ceng  </controlfield>
          <datafield tag="906" ind1=" " ind2=" ">
            <subfield code="a">0</subfield>
            <subfield code="b">cbc</subfield>
            <subfield code="c">premunv</subfield>
            <subfield code="d">3</subfield>
            <subfield code="e">ncip</subfield>
            <subfield code="f">20</subfield>
            <subfield code="g">y-gencatlg</subfield>
          </datafield>
          <datafield tag="925" ind1="0" ind2=" ">
            <subfield code="a">acquire</subfield>
            <subfield code="b">1  shelf copies</subfield>
            <subfield code="x">policy default</subfield>
          </datafield>
          <datafield tag="955" ind1=" " ind2=" ">
            <subfield code="b">td11 2013-03-14 z-processor</subfield>
          </datafield>
          <datafield tag="010" ind1=" " ind2=" ">
            <subfield code="a">   32023456 </subfield>
          </datafield>
          <datafield tag="035" ind1=" " ind2=" ">
            <subfield code="a">(OCoLC)ocm07184572</subfield>
          </datafield>
          <datafield tag="040" ind1=" " ind2=" ">
            <subfield code="a">DLC</subfield>
            <subfield code="c">FHM</subfield>
            <subfield code="d">FHM</subfield>
            <subfield code="d">OCL</subfield>
            <subfield code="d">OCLCQ</subfield>
            <subfield code="d">OCLCG</subfield>
            <subfield code="d">CUY</subfield>
            <subfield code="d">DLC</subfield>
          </datafield>
          <datafield tag="042" ind1=" " ind2=" ">
            <subfield code="a">lccopycat</subfield>
          </datafield>
          <datafield tag="050" ind1="0" ind2="0">
            <subfield code="a">PT2095</subfield>
            <subfield code="b">.M4</subfield>
          </datafield>
          <datafield tag="100" ind1="1" ind2=" ">
            <subfield code="a">Meakin, Annette M. B.</subfield>
          </datafield>
          <datafield tag="245" ind1="1" ind2="0">
            <subfield code="a">Goethe and Schiller, 1785-1805;</subfield>
            <subfield code="b">the story of a friendship,</subfield>
            <subfield code="c">by Annette M.B. Meakin.</subfield>
          </datafield>
          <datafield tag="260" ind1=" " ind2=" ">
            <subfield code="a">London,</subfield>
            <subfield code="b">F. Griffiths,</subfield>
            <subfield code="c">1932.</subfield>
          </datafield>
          <datafield tag="300" ind1=" " ind2=" ">
            <subfield code="a">3 v.</subfield>
            <subfield code="b">fronts., ports.</subfield>
            <subfield code="c">23 cm.</subfield>
          </datafield>
          <datafield tag="500" ind1=" " ind2=" ">
            <subfield code="a">"In this volume and the one following it we have chosen to let Goethe and Schiller speak for themselves as much as possible ... In these pages the correspondence between Schiller and Koerner is presented for the first time to English-speaking people in their own tongue."--Pref., v. 1.</subfield>
          </datafield>
          <datafield tag="600" ind1="1" ind2="0">
            <subfield code="a">Goethe, Johann Wolfgang von,</subfield>
            <subfield code="d">1749-1832</subfield>
            <subfield code="x">Friends and associates.</subfield>
          </datafield>
          <datafield tag="600" ind1="1" ind2="0">
            <subfield code="a">Schiller, Friedrich,</subfield>
            <subfield code="d">1759-1805.</subfield>
          </datafield>
          <datafield tag="700" ind1="1" ind2=" ">
            <subfield code="a">Schiller, Friedrich,</subfield>
            <subfield code="d">1759-1805.</subfield>
          </datafield>
          <datafield tag="700" ind1="1" ind2=" ">
            <subfield code="a">Körner, Christian Gottfried,</subfield>
            <subfield code="d">1756-1831.</subfield>
          </datafield>
          <datafield tag="776" ind1="0" ind2="8">
            <subfield code="i">Online version:</subfield>
            <subfield code="a">Meakin, Annette M. B.</subfield>
            <subfield code="t">Goethe and Schiller, 1785-1805.</subfield>
            <subfield code="d">London, F. Griffiths, 1932</subfield>
            <subfield code="w">(OCoLC)609692785</subfield>
          </datafield>
        </record>
      </zs:recordData>
      <zs:recordPosition>4</zs:recordPosition>
    </zs:record>