
    <zs:record>
      <zs:recordSchema/>
      <zs:recordPacking>xml</zs:recordPacking>
      <zs:recordData>
        <record xmlns="http://www.loc.gov/MARC21/slim">
          <leader>01018cam a22002771  4500</leader>
          <controlfield tag="001">7259229</controlfield>
          <controlfield tag="005">20190116101908.0</controlfield>
          <controlfield tag="008">790829s1901    nyuabcf       000 0 eng  </controlfield>
          <datafield tag="906" ind1=" " ind2=" ">
            <subfield code="a">7</subfield>
            <subfield code="b">cbc</subfield>
            <subfield code="c">oclcrpl</subfield>
            <subfield code="d">u</subfield>
            <subfield code="e">ncip</subfield>
            <subfield code="f">19</subfield>
            <subfield code="g">y-gencatlg</subfield>
          </datafield>
          <datafield tag="010" ind1=" " ind2=" ">
            <subfield code="a">   02026359 </subfield>
          </datafield>
          <datafield tag="035" ind1=" " ind2=" ">
            <subfield code="9">(DLC)   02026359</subfield>
          </datafield>
          <datafield tag="035" ind1=" " ind2=" ">
            <subfield code="a">(OCoLC)5324332</subfield>
          </datafield>
          <datafield tag="040" ind1=" " ind2=" ">
            <subfield code="a">DLC</subfield>
            <subfield code="c">OCl</subfield>
            <subfield code="d">DLC</subfield>
          </datafield>
          <datafield tag="042" ind1=" " ind2=" ">
            <subfield code="a">premarc</subfield>
          </datafield>
          <datafield tag="050" ind1="0" ind2="0">
            <subfield code="a">DK755</subfield>
            <subfield code="b">.M45 1901</subfield>
          </datafield>
          <datafield tag="100" ind1="1" ind2=" ">
            <subfield code="a">Meakin, Annette M. B.</subfield>
          </datafield>
          <datafield tag="245" ind1="0" ind2="2">
            <subfield code="a">A ribbon of iron,</subfield>
            <subfield code="c">by Annette M. B. Meakin.</subfield>
          </datafield>
          <datafield tag="260" ind1=" " ind2=" ">
            <subfield code="a">Westminster,</subfield>
            <subfield code="b">A. Constable &amp; co., ltd.;</subfield>
            <subfield code="a">New York,</subfield>
            <subfield code="b">E.P. Dutton &amp; co.</subfield>
            <subfield code="c">[1901]</subfield>
          </datafield>
          <datafield tag="300" ind1=" " ind2=" ">
            <subfield code="a">319, [1] p.</subfield>
            <subfield code="b">illus., 19 pl. (incl. front., port.) fold. map.</subfield>
            <subfield code="c">20 cm.</subfield>
          </datafield>
          <datafield tag="500" ind1=" " ind2=" ">
            <subfield code="a">An account of a journey over the Trans-Siberian railway.</subfield>
          </datafield>
          <datafield tag="530" ind1=" " ind2=" ">
            <subfield code="a">Also available in digital form.</subfield>
          </datafield>
          <datafield tag="651" ind1=" " ind2="0">
            <subfield code="a">Siberia (Russia)</subfield>
            <subfield code="x">Description and travel.</subfield>
          </datafield>
          <datafield tag="856" ind1="4" ind2="1">
            <subfield code="u">http://hdl.loc.gov/loc.gdc/scd0001.00096254283</subfield>
          </datafield>
          <datafield tag="985" ind1=" " ind2=" ">
            <subfield code="e">OCLC REPLACEMENT cdsdistr</subfield>
          </datafield>
          <datafield tag="991" ind1=" " ind2=" ">
            <subfield code="b">c-GenColl</subfield>
            <subfield code="h">DK755</subfield>
            <subfield code="i">.M45 1901</subfield>
            <subfield code="t">Copy 1</subfield>
            <subfield code="w">OCLCREP</subfield>
          </datafield>
          <datafield tag="985" ind1=" " ind2=" ">
            <subfield code="a">massdig</subfield>
            <subfield code="e">sloan</subfield>
          </datafield>
        </record>
      </zs:recordData>
      <zs:recordPosition>9</zs:recordPosition>
    </zs:record>